<?xml version="1.0" encoding="UTF-8"?><collection xmlns="http://www.loc.gov/MARC21/slim"><record><leader>00572nam--2200181-i-4500</leader><controlfield tag="001">000042567</controlfield><controlfield tag="002">20161230</controlfield><controlfield tag="005">20170205225405</controlfield><controlfield tag="008">060222s1000------------r-----000-0-eng-d</controlfield><datafield ind1=" " ind2=" " tag="080"><subfield code="a">621.311.2</subfield></datafield><datafield ind1=" " ind2=" " tag="100"><subfield code="a">Staadecker, M</subfield></datafield><datafield ind1=" " ind2=" " tag="245"><subfield code="a">Simularea digitala a regimurilor dinamice din sistemele electroenergetice</subfield></datafield><datafield ind1=" " ind2=" " tag="260"><subfield code="a">Bucuresti</subfield><subfield code="b">Cons.Nat.Al Ing.Si Tehnicienilor</subfield><subfield code="c">1969</subfield></datafield><datafield ind1=" " ind2=" " tag="300"><subfield code="a">11 p</subfield></datafield><datafield ind1=" " ind2=" " tag="490"><subfield code="a">A Doua Conf.A Electricienilor.Sectia Sisteme, Centrale Si Utilizarea Energieie Electrice</subfield></datafield><datafield ind1=" " ind2=" " tag="700"><subfield code="a">Iosub, I</subfield></datafield><datafield ind1=" " ind2=" " tag="852"><subfield code="a">31623</subfield></datafield><datafield ind1=" " ind2=" " tag="CAT"><subfield code="a">SYS</subfield><subfield code="c">20170205</subfield><subfield code="h">225405</subfield></datafield></record></collection>